@unpublished{anders-fkt,
  author = {Anders, Frithjof},
  note   = {Vorlesungsskript},
  title  = {Einführung in die Festkörpertheorie},
  year   = {2020}
}

@unpublished{uhrig-fktzwei,
  author = {G. S. Uhrig},
  note   = {Vorlesungsskript},
  title  = {Festkörpertheorie II},
  year   = {2020}
}

@book{greensfunction,
  author         = {Gasser, W. and Heiner, E. and ELK, K.},
  publisher      = {WILEY-VCH Verlag Berlin GmbH},
  title          = {Greensche Funktionen  in  Festkörper-und Vielteilchenphysik},
  year           = {2001},
  isbn           = {3-527-40218-7},
  edition        = {1},
  pages          = {21-27},
}

@book{graphene_properties,
  editor         = {Hongwei, Zhu and Zhiping, Xu and Dan, Xie and Ying, Fang},
  publisher      = {Glyn Jones},
  title          = {Graphene},
  subtitle       = {Fabrication, Characterizations,
                    Properties and Applications},
  year           = {2018},
  isbn           = {978-0-12-812651-6},
  chapter        = {1},
  }

@book{trig,
  author         = {Hering, Ekbert and Martin, Rolf and Stohrer, Martin},
  publisher      = {Springer Vieweg},
  title          = {Taschenbuch der Mathematik und Physik},
  year           = {2017},
  isbn           = {978-3-662-53419-9},
  edition        = {6},
  pages          = {11},
}

@article{doi:10.1021/acsnano.1c00139,
author = {Lin, Pin-Cheng and Villarreal, Renan and Achilli, Simona and Bana, Harsh and Nair, Maya N. and Tejeda, Antonio and Verguts, Ken and De Gendt, Stefan and Auge, Manuel and Hofsäss, Hans and De Feyter, Steven and Di Santo, Giovanni and Petaccia, Luca and Brems, Steven and Fratesi, Guido and Pereira, Lino M. C.},
title = {Doping Graphene with Substitutional Mn},
journal = {ACS Nano},
volume = {15},
number = {3},
pages = {5449-5458},
year = {2021},
doi = {10.1021/acsnano.1c00139},
    note ={PMID: 33596385},

URL = { 
        https://doi.org/10.1021/acsnano.1c00139
    
},
eprint = { 
        https://doi.org/10.1021/acsnano.1c00139
    
}

}

@book{SC_literature,
  author         = {Pavarini, Eva and Koch, Erik and Anders, Frithjof and Jarell, Mark},
  publisher      = {Forschungszentrum Jülich GmbH Institute for Advanced Simulation},
  title          = {Correlated Electrons: From Models to Materials},
  year           = {2012},
  volume         = {2},
  isbn           = {978-3-89336-796-2},
  chapter        = {6},
}

@article{PhysRev.94.1498,
  title = {Simplified LCAO Method for the Periodic Potential Problem},
  author = {Slater, J. C. and Koster, G. F.},
  journal = {Phys. Rev.},
  volume = {94},
  issue = {6},
  pages = {1498--1524},
  numpages = {0},
  year = {1954},
  month = {Jun},
  publisher = {American Physical Society},
  doi = {10.1103/PhysRev.94.1498},
  url = {https://link.aps.org/doi/10.1103/PhysRev.94.1498}
}
